
%%%%%%%%%%% QED %%%%%%%%%%%%%

@article{liberati2000sonoluminescence,
  title={Sonoluminescence as a QED vacuum effect: probing Schwinger's proposal},
  author={Liberati, Stefano and Visser, Matt and Belgiorno, F and Sciama, DW},
  journal={Journal of Physics A: Mathematical and General},
  volume={33},
  number={11},
  pages={2251},
  year={2000},
  publisher={IOP Publishing}
}

@article{schwinger1993casimir,
  title={Casimir light: a glimpse.},
  author={Schwinger, Julian},
  journal={Proceedings of the National Academy of Sciences},
  volume={90},
  number={3},
  pages={958--959},
  year={1993},
  publisher={National Acad Sciences}
}

@article{eberlein1996sonoluminescence,
  title={Sonoluminescence as quantum vacuum radiation},
  author={Eberlein, Claudia},
  journal={Physical Review Letters},
  volume={76},
  number={20},
  pages={3842},
  year={1996},
  publisher={APS}
}

%%%%%%%%%%% shrimp %%%%%%%%%%%%%%

@article{lohse2001snapping,
  title={Snapping shrimp make flashing bubbles},
  author={Lohse, Detlef and Schmitz, Barbara and Versluis, Michel},
  journal={Nature},
  volume={413},
  number={6855},
  pages={477--478},
  year={2001},
  publisher={Nature Publishing Group}
}

@article{versluis2000snapping,
  title={How snapping shrimp snap: through cavitating bubbles},
  author={Versluis, Michel and Schmitz, Barbara and Von der Heydt, Anna and Lohse, Detlef},
  journal={Science},
  volume={289},
  number={5487},
  pages={2114--2117},
  year={2000},
  publisher={American Association for the Advancement of Science}
}


%%%%%%%%%%% computation %%%%%%%%%%%%%

@article{schanz2012molecular,
  title={Molecular dynamics simulations of cavitation bubble collapse and sonoluminescence},
  author={Schanz, Daniel and Metten, Burkhard and Kurz, Thomas and Lauterborn, Werner},
  journal={New Journal of Physics},
  volume={14},
  number={11},
  pages={113019},
  year={2012},
  publisher={IOP Publishing}
}

%%%%%%%% reviews %%%%%%%%%

@article{brenner2002single,
  title={Single-bubble sonoluminescence},
  author={Brenner, Michael P and Hilgenfeldt, Sascha and Lohse, Detlef},
  journal={Reviews of modern physics},
  volume={74},
  number={2},
  pages={425},
  year={2002},
  publisher={APS}
}

%%%%%%%%%%%% modelling %%%%%%%%%%%%

@article{matula1998evidence,
  title={Evidence for gas exchange in single-bubble sonoluminescence},
  author={Matula, Thomas J and Crum, Lawrence A},
  journal={Physical review letters},
  volume={80},
  number={4},
  pages={865},
  year={1998},
  publisher={APS}
}

@article{yasui1997alternative,
  title={Alternative model of single-bubble sonoluminescence},
  author={Yasui, Kyuichi},
  journal={Physical Review E},
  volume={56},
  number={6},
  pages={6750},
  year={1997},
  publisher={APS}
}

@article{flannigan2005plasma,
  title={Plasma formation and temperature measurement during single-bubble cavitation},
  author={Flannigan, David J and Suslick, Kenneth S},
  journal={Nature},
  volume={434},
  number={7029},
  pages={52--55},
  year={2005},
  publisher={Nature Publishing Group}
}

@article{didenko2000molecular,
  title={Molecular emission from single-bubble sonoluminescence},
  author={Didenko, Yuri T and McNamara III, William B and Suslick, Kenneth S},
  journal={nature},
  volume={407},
  number={6806},
  pages={877--879},
  year={2000},
  publisher={Nature Publishing Group}
}

@article{tatartchenko2017sonoluminescence,
  title={Sonoluminescence as the PeTa Radiation},
  author={Tatartchenko, Vitali A and others},
  journal={Optics and Photonics Journal},
  volume={7},
  number={02},
  pages={27},
  year={2017},
  publisher={Scientific Research Publishing}
}

@article{lohse2018bubble,
  title={Bubble puzzles: From fundamentals to applications},
  author={Lohse, Detlef},
  journal={Physical review fluids},
  volume={3},
  number={11},
  pages={110504},
  year={2018},
  publisher={APS}
}

@article{borisenok2020mechanisms,
  title={On the Mechanisms of Sonoluminescence in Polar and Nonpolar Liquids},
  author={Borisenok, VA and Sedov, S Yu},
  journal={Physics of Atomic Nuclei},
  volume={83},
  number={11},
  pages={1575--1584},
  year={2020},
  publisher={Springer}
}

@article{prosperetti1997new,
  title={A new mechanism for sonoluminescence},
  author={Prosperetti, Andrea},
  journal={The Journal of the Acoustical Society of America},
  volume={101},
  number={4},
  pages={2003--2007},
  year={1997},
 
 publisher={Acoustical Society of America}
}
