@article{louie1979self,
  title={Self-consistent mixed-basis approach to the electronic structure of solids},
  author={Louie, Steven G and Ho, Kai-Ming and Cohen, Marvin L},
  journal={Physical Review B},
  volume={19},
  number={4},
  pages={1774},
  year={1979},
  publisher={APS}
