@book{Lipschutz,
  title={Schaum's Outline of General Topology},
  author={Lipschutz, S.},
  isbn={9780070379886},
  lccn={68003231},
  series={Schaum's Outline Series in Mathematics},
  url={https://books.google.com/books?id=0u37iDv-dlEC},
  year={1965},
  publisher={McGraw-Hill Companies,Incorporated}
}
